@book{angrist2009,
  title = {Mostly Harmless Econometrics},
  author = {Angrist, J., and J-S. Pischke},
  year = {2009},
  publisher = {Princeton University Press}
}

@book{balk2008,
  title = {Price and Quantity Index Numbers},
  author = {Balk, B. M.},
  year = {2008},
  publisher = {Cambridge University Press}
}

@book{bullen2003,
  title = {Handbook of Means and their Inequalities},
  author = {Bullen, P. S.},
  year = {2003},
  publisher = {Springer}
}

@book{cpimanual,
  title = {Consumer price index manual: Theory and practice},
  author = {ILO, and IMF, and OECD, and Eurostat, and UN, and World Bank},
  year = {2004},
  publisher = {International Monetary Fund}
}

@book{kennedy2003,
  title = {A guide to econometrics},
  author = {Kennedy, P.},
  year = {2003},
  publisher = {MIT University Press},
  edition = {5}
}

@book{lee2016,
  title = {Matching, Regression Discontinuity, Difference in Differences, and Beyond},
  author = {Lee, M-J.},
  year = {2016},
  publisher = {Oxford University Press}
}

@book{lehmann1998,
  title = {Theory of Point Estimation},
  author = {Lehmann, E. L. and Casella, G.},
  year = {1998},
  publisher = {Springer},
  edition = {2}
}

@book{manski1988,
  title = {Analog Estimation Methods in Econometrics},
  author = {Manski, C. F.},
  year = {1988},
  publisher = {Chapman Hall}
}

@incollection{mcfadden1978,
title = {Cost, Revenue, and Profit Functions},
author = {McFadden, D.},
year = {1978},
chapter = {1},
booktitle = {Production Economics: A Dual Approach to Theory and Applications},
editor = {Fuss, M. and McFadden, D.},
publisher = {North-Holland}
}

@book{manski2007,
  title = {Identification for Prediction and Decision},
  author = {Manski, C. F.},
  year = {2007},
  publisher = {Harvard University Press}
}

@book{ppimanual,
  title = {Producer price index manual: Theory and practice},
  author = {ILO, and IMF, and OECD, and Eurostat, and UN, and World Bank},
  year = {2004},
  publisher = {International Monetary Fund}
}

@book{rppihandbook,
  title = {Handbook on Residential Property Prices Indices ({RPPIs})},
  author = {ILO, and IMF, and OECD, and Eurostat, and UN, and World Bank},
  year = {2013},
  publisher = {Eurostat}
}

@book{wooldridge2010,
  title = {Econometric Analysis of Cross Section and Panel Data},
  author = {Wooldridge, J. M.},
  year = {2010},
  publisher = {MIT University Press}
}

@article{balk1995,
  title = {Axiomatic price index theory: a survey},
  author = {Balk, B. M.},
  journal = {International Statistical Review/Revue Internationale de Statistique},
  volume = {63},
  number = {1},
  pages = {69--93},
  year = {1995}
}

@article{balk2001,
  title=  {A characterization of the T{\"o}rnqvist price index},
  author = {Balk, B. M. and Diewert, W. E.},
  journal = {Economics Letters},
  volume = {72},
  number = {3},
  pages = {279--281},
  year = {2001}
}

@article{hausman2003,
  title = {Sources of bias and solutions to bias in the consumer price index},
  author = {Hausman, J.},
  journal = {Journal of Economic Perspectives},
  volume = {17},
  number = {1},
  pages = {23--44},
  year = {2003}
}

@article{kirbymcgregor2019,
  title = {An R package for calculating repeat-sale price indices.},
  author = {Kirby-McGregor, M. and Martin, S.},
  journal = {Romanian Statistical Review},
  number = {3},
  pages = {17--33},
  year = {2019}
}


@article{kirman1992,
  title = {Whom or what does the representative individual represent?},
  author = {Kirman, A. P.},
  journal = {Journal of economic perspectives},
  volume = {6},
  number = {2},
  pages = {117--136},
  year = {1992}
}

@article{lord2002,
  title = {Does smaller spread always mean larger product?},
  author = {Lord, N.},
  year = {2002},
  journal = {The Mathematical Gazette},
  volume = {86},
  number = {506},
  pages = {273--274}
}

@article{martin2019,
  title = {Moral management in competitive markets},
  author = {Martin, S.},
  journal = {Journal of Economics \& Management Strategy},
  volume = {28},
  number = {3},
  pages = {541--560},
  year = {2019}
}

@article{pollak1980,
  title = {Group cost-of-living indexes},
  author = {Pollak, R. A.},
  journal = {The American Economic Review},
  volume = {70},
  number = {2},
  pages = {273--278},
  year = {1980}
}

@article{rosen1974,
  title = {Hedonic prices and implicit markets: product differentiation in pure competition},
  author = {Rosen, S.},
  journal = {Journal of Political Economy},
  volume = {82},
  number = {1},
  pages = {34--55},
  year = {1974}
}




